@article{ruffault2018,
  title={How well do meteorological drought indices predict live fuel moisture content (LFMC)? An assessment for wildfire research and operations in Mediterranean ecosystems},
  author={Ruffault, Julien and Martin-StPaul, Nicolas and Pimont, Francois and Dupuy, Jean-Luc},
  journal={Agricultural and Forest Meteorology},
  volume={262},
  pages={391--401},
  year={2018},
  publisher={Elsevier}
}
@article{castro2003,
  title={Modeling moisture content in shrubs to predict fire risk in Catalonia (Spain)},
  author={Castro, FX and Tudela, A and Sebasti{\`a}, Ma T},
  journal={Agricultural and Forest Meteorology},
  volume={116},
  number={1-2},
  pages={49--59},
  year={2003},
  publisher={Elsevier}
}
@article{chuvieco2004,
  title={Combining NDVI and surface temperature for the estimation of live fuel moisture content in forest fire danger rating},
  author={Chuvieco, Emilio and Cocero, David and Riano, David and Martin, Pilar and Mart{\i}nez-Vega, Javier and De La Riva, Juan and P{\'e}rez, Fernando},
  journal={Remote Sensing of Environment},
  volume={92},
  number={3},
  pages={322--331},
  year={2004},
  publisher={Elsevier}
}
@article{mccandless2020,
  title={Enhancing wildfire spread modelling by building a gridded fuel moisture content product with machine learning},
  author={McCandless, Tyler C and Kosovic, Branko and Petzke, William},
  journal={Machine Learning: Science and Technology},
  volume={1},
  number={3},
  pages={035010},
  year={2020},
  publisher={IOP Publishing}
}
@article{dennison2009,
  title={Critical live fuel moisture in chaparral ecosystems: a threshold for fire activity and its relationship to antecedent precipitation},
  author={Dennison, Philip E and Moritz, Max A},
  journal={International Journal of Wildland Fire},
  volume={18},
  number={8},
  pages={1021--1027},
  year={2009},
  publisher={CSIRO Publishing}
}
@article{westreich2013,
  title={The table 2 fallacy: presenting and interpreting confounder and modifier coefficients},
  author={Westreich, Daniel and Greenland, Sander},
  journal={American journal of epidemiology},
  volume={177},
  number={4},
  pages={292--298},
  year={2013},
  publisher={Oxford University Press}
}
